@misc{a1,
  author       = {Fulkerson, D R}, 
  title        = {Hitchcock Transportation problem},
  howpublished = {The Rand Corporation},
  month        = {7},
  year         = {1956},
  note         = {An optional note}
}

@article{a2,
author = {Hlayel, A and Alia, M A.},
year = {2012},
month = {10},
pages = {23-30},
title = {Solving Transportation Problems Using the Best Candidates Method},
volume = {2},
booktitle = {Computer Science & Engineering: An International Journal}
}

@book{a3,
author = { Bazaraa, M S. and Jarvis, J J and Sherali, H D},
publisher = {Wiley-Blackwell},
isbn = {9780471703778},
title = {The Transportation and Assignment problems},
booktitle = {Linear Programming and Network Flows},
chapter = {1},
pages = {1-43},
doi = {10.1002/9780471703778.ch1},
url = {https://onlinelibrary.wiley.com/doi/abs/10.1002/9780471703778.ch1},
eprint = {https://onlinelibrary.wiley.com/doi/pdf/10.1002/9780471703778.ch1},
year = {2011},
}

@article{a4,
author = {Uddin, Md and Khan, Aminur and Kibria, Chowdhury and Raeva, Iliyana},
year = {2016},
month = {01},
pages = {1-20},
title = {Improved Least Cost Method to Obtain a Better IBFS to the Transportation Problem},
volume = {6},
booktitle = {Journal of Applied Mathematics and Bioinformatics}
}

@book{a5,
  author    = {Taha, H A,}, 
  title     = {Operations Research an Introduction},
  publisher = {Pearson Education, Inc.},
pages = {206-211},
  year      = {2007},
  address   = {Upper Saddle River, NJ, 07458},
  edition   = {8},
   isbn      = {0131889230}
}

@article{a6,
author = {Das, Utpal and Babu, Md. Ashraful and Khan, Aminur and Abu Helal, Md and Uddin, Md},
year = {2014},
month = {02},
pages = {pp.42-48},
title = {Logical Development of Vogelâ€™s Approximation Method (LD-VAM): An Approach to Find Basic Feasible Solution of Transportation Problem},
volume = {Volume 3},
booktitle = {International Journal of Scientific & Technology Research}
}

@article{a8,
author = {Klinz, Bettina and J. Woeginger, Gerhard},
year = {2011},
month = {07},
pages = {1284-1289},
title = {The Northwest corner rule revisited},
volume = {159},
booktitle = {Discrete Applied Mathematics}
}

@article{a9,
author = { Juman, Z  and Hoque M, and Buhari, M },
journal = {3rd International Conference on Applied Mathematics and Pharmaceutical Sciences},
year = {2013},
month = {04},
pages = {353-354},
title = {A Study of Transportation Problem and Use of Object Oriented Programming}
}
